%% This BibTeX bibliography file was created using BibDesk.
%% https://bibdesk.sourceforge.io/

%% Created for poliorang at 2022-10-22 05:13:38 +0300 


%% Saved with string encoding Unicode (UTF-8) 



@misc{tree,
	date-added = {2022-10-22 05:11:09 +0300},
	date-modified = {2022-10-22 05:11:47 +0300},
	title = {Сортировка бинарным деревом Режим доступа: \url{https://www.raywenderlich.com/990-swift-algorithm-club-swift-binary-search-tree-data-structure}}}

@misc{shaker,
	date-added = {2022-10-22 05:10:21 +0300},
	date-modified = {2022-10-22 05:11:05 +0300},
	title = {Сортировка перемешиванием Режим доступа: \url{https://alley-science.ru/domains_data/files/january-2018/ANALIZ%20ShEYKER-SORTIROVKI%20V%20MASSIVAH.pdf}}}

@misc{swift,
	date-added = {2022-10-07 13:54:24 +0300},
	date-modified = {2022-10-07 13:55:18 +0300},
	howpublished = {Режим доступа: \url{https://www.apple.com/swift/}},
	title = {Swift | Мультипарадигмальный компилируемый язык [Электронный ресурс]}}

@misc{xcode,
	date-added = {2022-10-07 00:02:02 +0300},
	date-modified = {2022-10-07 00:02:02 +0300},
	howpublished = {Режим доступа: \url{https://developer.apple.com/xcode/}},
	title = {XCode [Электронный ресурс]}}

@misc{appcode,
	date-added = {2022-10-06 23:54:49 +0300},
	date-modified = {2022-10-06 23:55:36 +0300},
	howpublished = {Режим доступа: \url{https://www.jetbrains.com/objc/}},
	title = {AppCode: Smart Swift/Objective-C IDE for iOS}}

@misc{core,
	date-added = {2022-10-06 23:28:53 +0300},
	date-modified = {2022-10-06 23:53:43 +0300},
	howpublished = {Режим доступа: \url{https://developer.apple.com/documentation/corefoundation/time_utilities}},
	title = {Сore Foundation | Time Utilities}}

@misc{bucket,
	date-modified = {2022-10-22 05:07:52 +0300},
	title = {Блочная сортировка Режим доступа: \url{https://www.programiz.com/dsa/bucket-sort}}}
